{
  "leader": "01063ntm a2200265Ii 4500",
  "fields": [
    {
      "001": "bslw09832258"
    },
    {
      "003": "UtOrBLW"
    },
    {
      "005": "20220708103902.0"
    },
    {
      "008": "220708r19771975mau\\\\\\\\\\rbm\\\\\\000\\0\\eng\\u"
    },
    {
      "040": {
        "ind1": "\\",
        "ind2": "\\",
        "subfields": [
          {
            "a": "UtOrBLW"
          },
          {
            "b": "eng"
          },
          {
            "e": "rda"
          },
          {
            "c": "UtOrBLW"
          }
        ]
      }
    },
    {
      "050": {
        "ind1": "\\",
        "ind2": "4",
        "subfields": [
          {
            "a": "JK609.5"
          },
          {
            "b": ".N38 1975"
          }
        ]
      }
    },
    {
      "082": {
        "ind1": "0",
        "ind2": "4",
        "subfields": [
          {
            "a": "352.2390973"
          },
          {
            "b": "NAT"
          }
        ]
      }
    },
    {
      "100": {
        "ind1": "1",
        "ind2": "\\",
        "subfields": [
          {
            "a": "Natoli, Marie D.,"
          },
          {
            "e": "author."
          }
        ]
      }
    },
    {
      "245": {
        "ind1": "1",
        "ind2": "4",
        "subfields": [
          {
            "a": "The vice presidency since World War II :"
          },
          {
            "b": "a dissertation /"
          },
          {
            "c": "submitted by Marie D. Natoli."
          }
        ]
      }
    },
    {
      "264": {
        "ind1": "\\",
        "ind2": "0",
        "subfields": [
          {
            "a": "Ann Arbor, Michigan :"
          },
          {
            "b": "University Microfilms International,"
          },
          {
            "c": "1977."
          }
        ]
      }
    },
    {
      "300": {
        "ind1": "\\",
        "ind2": "\\",
        "subfields": [
          {
            "a": "vi, 544 leaves ;"
          },
          {
            "c": "22 cm"
          }
        ]
      }
    },
    {
      "336": {
        "ind1": "\\",
        "ind2": "\\",
        "subfields": [
          {
            "a": "text"
          },
          {
            "b": "txt"
          },
          {
            "2": "rdacontent"
          }
        ]
      }
    },
    {
      "337": {
        "ind1": "\\",
        "ind2": "\\",
        "subfields": [
          {
            "a": "unmediated"
          },
          {
            "b": "n"
          },
          {
            "2": "rdamedia"
          }
        ]
      }
    },
    {
      "338": {
        "ind1": "\\",
        "ind2": "\\",
        "subfields": [
          {
            "a": "volume"
          },
          {
            "b": "nc"
          },
          {
            "2": "rdacarrier"
          }
        ]
      }
    },
    {
      "504": {
        "ind1": "\\",
        "ind2": "\\",
        "subfields": [
          {
            "a": "Includes bibliographical references (pages 520-544)."
          }
        ]
      }
    },
    {
      "502": {
        "ind1": "\\",
        "ind2": "\\",
        "subfields": [
          {
            "a": "Thesis (Ph. D.)--Tufts University, 1975."
          }
        ]
      }
    },
    {
      "534": {
        "ind1": "\\",
        "ind2": "\\",
        "subfields": [
          {
            "p": "Original version:"
          },
          {
            "c": "Medford Massachusetts : Tufts University, 1975.\""
          }
        ]
      }
    },
    {
      "500": {
        "ind1": "\\",
        "ind2": "\\",
        "subfields": [
          {
            "a": "This is an authorized facsimile and was produced by microfilm-xerography in 1977."
          }
        ]
      }
    },
    {
      "650": {
        "ind1": "\\",
        "ind2": "0",
        "subfields": [
          {
            "a": "Vice-presidents"
          },
          {
            "z": "United States"
          },
          {
            "x": "History"
          },
          {
            "y": "20th century."
          }
        ]
      }
    },
    {
      "999": {
        "ind1": "\\",
        "ind2": "\\",
        "subfields": [
          {
            "a": "00000000014261"
          }
        ]
      }
    }
  ]
}